tanki@lyra.fos.kuis.kyoto-u.ac.jp.1742:1419744044