@inproceedings{DBLP:conf/aplas/SuenagaK09,
  author    = {Kohei Suenaga and
               Naoki Kobayashi},
  title     = {Fractional Ownerships for Safe Memory Deallocation},
  booktitle = {APLAS},
  year      = {2009},
  pages     = {128-143},
  ee        = {http://dx.doi.org/10.1007/978-3-642-10672-9_11},
  crossref  = {DBLP:conf/aplas/2009},
  bibsource = {DBLP, http://dblp.uni-trier.de}
}


@inproceedings{DBLP:conf/pldi/HeineL03,
  author    = {David L. Heine and
               Monica S. Lam},
  title     = {A practical flow-sensitive and context-sensitive C and C++
               memory leak detector},
  booktitle = {PLDI},
  year      = {2003},
  pages     = {168-181},
  ee        = {http://doi.acm.org/10.1145/781131.781150},
  crossref  = {DBLP:conf/pldi/2003},
  bibsource = {DBLP, http://dblp.uni-trier.de}
}
@proceedings{DBLP:conf/pldi/2003,
  editor    = {Ron Cytron and
               Rajiv Gupta},
  title     = {Proceedings of the ACM SIGPLAN 2003 Conference on Programming
               Language Design and Implementation 2003, San Diego, California,
               USA, June 9-11, 2003},
  booktitle = {PLDI},
  publisher = {ACM},
  year      = {2003},
  isbn      = {1-58113-662-5},
  bibsource = {DBLP, http://dblp.uni-trier.de}
}


@inproceedings{DBLP:conf/sigsoft/XieA05,
  author    = {Yichen Xie and
               Alexander Aiken},
  title     = {Context- and path-sensitive memory leak detection},
  booktitle = {ESEC/SIGSOFT FSE},
  year      = {2005},
  pages     = {115-125},
  ee        = {http://doi.acm.org/10.1145/1081706.1081728},
  crossref  = {DBLP:conf/sigsoft/2005},
  bibsource = {DBLP, http://dblp.uni-trier.de}
}
@proceedings{DBLP:conf/sigsoft/2005,
  editor    = {Michel Wermelinger and
               Harald Gall},
  title     = {Proceedings of the 10th European Software Engineering Conference
               held jointly with 13th ACM SIGSOFT International Symposium
               on Foundations of Software Engineering, 2005, Lisbon, Portugal,
               September 5-9, 2005},
  booktitle = {ESEC/SIGSOFT FSE},
  publisher = {ACM},
  year      = {2005},
  isbn      = {1-59593-014-0},
  bibsource = {DBLP, http://dblp.uni-trier.de}
}

@article{DBLP:journals/scp/SwamyHMGJ06,
  author    = {Nikhil Swamy and
               Michael W. Hicks and
               Greg Morrisett and
               Dan Grossman and
               Trevor Jim},
  title     = {Safe manual memory management in Cyclone},
  journal   = {Sci. Comput. Program.},
  volume    = {62},
  number    = {2},
  year      = {2006},
  pages     = {122-144},
  ee        = {http://dx.doi.org/10.1016/j.scico.2006.02.003},
  bibsource = {DBLP, http://dblp.uni-trier.de}
}

@proceedings{DBLP:conf/aplas/2009,
  editor    = {Zhenjiang Hu},
  title     = {Programming Languages and Systems, 7th Asian Symposium,
               APLAS 2009, Seoul, Korea, December 14-16, 2009. Proceedings},
  booktitle = {APLAS},
  publisher = {Springer},
  series    = {Lecture Notes in Computer Science},
  volume    = {5904},
  year      = {2009},
  isbn      = {978-3-642-10671-2},
  ee        = {http://dx.doi.org/10.1007/978-3-642-10672-9},
  bibsource = {DBLP, http://dblp.uni-trier.de}
}



@article{DBLP:journals/lmcs/KobayashiSW06,
author = {Naoki Kobayashi and
Kohei Suenaga and
Lucian Wischik},
title = {Resource Usage Analysis for the p-Calculus},
journal = {Logical Methods in Computer Science},
volume = {2},
number = {3},
year = {2006},
ee = {http://dx.doi.org/10.2168/LMCS-2(3:4)2006},
bibsource = {DBLP, http://dblp.uni-trier.de}
}

@article{DBLP:journals/tcs/IgarashiK04,
author = {Atsushi Igarashi and
Naoki Kobayashi},
title = {A generic type system for the Pi-calculus},
journal = {Theor. Comput. Sci.},
volume = {311},
number = {1-3},
year = {2004},
pages = {121-163},
ee = {http://dx.doi.org/10.1016/S0304-3975(03)00325-6},
bibsource = {DBLP, http://dblp.uni-trier.de}
}

@inproceedings{DBLP:conf/esop/HondaVK98,
author = {Kohei Honda and
Vasco Thudichum Vasconcelos and
Makoto Kubo},
title = {Language Primitives and Type Discipline for Structured
Communication-Based
Programming},
booktitle = {ESOP},
year = {1998},
pages = {122-138},
ee = {http://dx.doi.org/10.1007/BFb0053567},
crossref = {DBLP:conf/esop/1998},
bibsource = {DBLP, http://dblp.uni-trier.de}
}

@proceedings{DBLP:conf/esop/1998,
editor = {Chris Hankin},
title = {Programming Languages and Systems - ESOP'98, 7th European
Symposium on Programming, Held as Part of the European Joint
Conferences on the Theory and Practice of Software, ETAPS'98,
Lisbon, Portugal, March 28 - April 4, 1998, Proceedings},
booktitle = {ESOP},
publisher = {Springer},
series = {Lecture Notes in Computer Science},
volume = {1381},
year = {1998},
isbn = {3-540-64302-8},
bibsource = {DBLP, http://dblp.uni-trier.de}
}


